
@article{huang2016,
    title={Delay-Energy Tradeoff in Multicast Scheduling for Green Cellular Systems},
    author={C. Huang and al.},
    journal ="IEEE Journal on Selected Areas in Communications",
    volume =       "34",
    number =       "5",
    pages =        "1235 - 1249",
    year =         "2016 ",

}

@article{inho2015,
    title={Performance Analysis of Quality-Based Channel State Feedback Scheme for Wireless Multicast Systems With Greedy Scheduling},
    author={In-Ho Lee and Seok-Chul Kwon},
    journal ="IEEE COMMUNICATIONS LETTERS",
    volume =       "9",
    number =       "8",
    pages =        "1430 - 1433",
    year =         "2015 ",

}
@article{inho2017,
    title={Capacity and Fairness of Quality-Based Channel State Feedback Scheme for Wireless Multicast Systems in Non-Identical Fading Channels},
    author={In-Ho Lee and Haejoon Jung},
    journal ="IEEE COMMUNICATIONS LETTERS",
    volume =       "6",
    number =       "4",
    pages =        "1430 - 1433",
    year =         "2017",

}

@article{hang2017,
    title={Multicast Systems With Fair Scheduling in Non-identically Distributed Fading Channels},
    author={Hang Li and Xiaojing Huang},
    journal ="IEEE TRANSACTIONS ON VEHICULAR TECHNOLOGY",
    volume =       "66",
    number =       "10",
    pages =        "8835 - 8844",
    year =         "2017",

}

@article{zhou2016,
    title={Stochastic Content-Centric Multicast Scheduling for Cache-Enabled Heterogeneous Cellular Networks},
    author={Bo Zhou, Ying Cui, and Meixia Tao},
    journal =" IEEE TRANSACTIONS ON WIRELESS COMMUNICATIONS",
    volume =       "15",
    number =       "9",
    pages =        "6284 - 6297",
    year =         "2016",

}


% to finish
@article{hewang,
    title={Coordinated Fronthaul Data Assignment and Multicast Beamforming for Cache-enabled Wireless Networks},
    author={Shiwen He, Jiaheng Wang, Jun Zhang, Yongming Huang, and Yaoxue Zhang},
    journal =" IEEE Wireless Communications Letters",
 

}



@article{zhou,
    title={Optimal Dynamic Multicast Scheduling for Cache-Enabled Content-Centric Wireless Networks},
    author={Bo Zhou, Ying Cui, Meixia Tao}

}

@article{mlika,
    title={User Association and Scheduling With Hard Deadlines in Heterogeneous Cellular Networks}},
    author={Z Mlika, E Driouch, W Ajib}

}


\bibitem{unicast:detm}
Delay and Energy Efficiency Tradeoff for Information Pushing System
\bibitem{multicast:oeeatm}
Optimum Energy Efficiency and Age-of-Information Tradeoff in Multicast Scheduling
